@inproceedings{osmalsky2012neural,
  title={Neural networks for musical chords recognition},
  author={Osmalsky, Julien and Embrechts, Jean-Jacques and Van Droogenbroeck, Marc and Pierard, S{\'e}bastien},
  booktitle={Journ{\'e}es d'informatique musicale},
  pages={39--46},
  year={2012}
}

@article{benetos2018automatic,
  title={Automatic music transcription: An overview},
  author={Benetos, Emmanouil and Dixon, Simon and Duan, Zhiyao and Ewert, Sebastian},
  journal={IEEE Signal Processing Magazine},
  volume={36},
  number={1},
  pages={20--30},
  year={2018},
  publisher={IEEE}
}

@inproceedings{foo1999recognition,
  title={Recognition of piano notes},
  author={Foo, Say Wei and Wong, Pui Leng},
  booktitle={IEEE International Conference on Information, Communications and Signal Processing (1999: Singapore)},
  year={1999}
}

@article{baevski2021unsupervised,
  title={Unsupervised speech recognition},
  author={Baevski, Alexei and Hsu, Wei-Ning and Conneau, Alexis and Auli, Michael},
  journal={Advances in Neural Information Processing Systems},
  volume={34},
  year={2021}
}

@article{chang2017audio,
  title={Audio cover song identification using convolutional neural network},
  author={Chang, Sungkyun and Lee, Juheon and Choe, Sang Keun and Lee, Kyogu},
  journal={arXiv preprint arXiv:1712.00166},
  year={2017}
}

@article{solanki2019music,
  title={Music instrument recognition using deep convolutional neural networks},
  author={Solanki, Arun and Pandey, Sachin},
  journal={International Journal of Information Technology},
  pages={1--10},
  year={2019},
  publisher={Springer}
}

@book{klapuri2004signal,
  title={Signal processing methods for the automatic transcription of music},
  author={Klapuri, Anssi},
  year={2004},
  publisher={Tampere University of Technology Finland}
}

@inproceedings{marolt2002neural,
  title={Neural networks for note onset detection in piano music},
  author={Marolt, Matija and Kavcic, Alenka and Privosnik, Marko},
  booktitle={Proceedings of the 2002 International Computer Music Conference},
  year={2002},
  organization={Citeseer}
}

@article{krogh2008artificial,
  title={What are artificial neural networks?},
  author={Krogh, Anders},
  journal={Nature biotechnology},
  volume={26},
  number={2},
  pages={195--197},
  year={2008},
  publisher={Nature Publishing Group}
}

@article{cortes1995support,
  title={Support-vector networks},
  author={Cortes, Corinna and Vapnik, Vladimir},
  journal={Machine learning},
  volume={20},
  number={3},
  pages={273--297},
  year={1995},
  publisher={Springer}
}

@article{myles2004introduction,
  title={An introduction to decision tree modeling},
  author={Myles, Anthony J and Feudale, Robert N and Liu, Yang and Woody, Nathaniel A and Brown, Steven D},
  journal={Journal of Chemometrics: A Journal of the Chemometrics Society},
  volume={18},
  number={6},
  pages={275--285},
  year={2004},
  publisher={Wiley Online Library}
}

@inproceedings{guo2003knn,
  title={KNN model-based approach in classification},
  author={Guo, Gongde and Wang, Hui and Bell, David and Bi, Yaxin and Greer, Kieran},
  booktitle={OTM Confederated International Conferences" On the Move to Meaningful Internet Systems"},
  pages={986--996},
  year={2003},
  organization={Springer}
}


@misc{mRMR-enhanced,
  author = {Hermo Gonz√°lez, Jorge},
  title = {{mRMR-enhanced}},
  url = {https://github.com/jorgehermo9/mrmr-enhanced},
  year = {2022}
}

@article{peng2005mrmr,
author = {Ding, Chris and Peng, Hanchuan},
year = {2005},
month = {05},
pages = {185-205},
title = {Peng, H.: Minimum Redundancy Feature Selection from Microarray Gene Expression Data. Journal of Bioinformatics and Computational Biology 3(2), 185-205},
volume = {3},
journal = {Journal of bioinformatics and computational biology},
doi = {10.1142/S0219720005001004}
}


