@inproceedings{osmalsky2012neural,
  title={Neural networks for musical chords recognition},
  author={Osmalsky, Julien and Embrechts, Jean-Jacques and Van Droogenbroeck, Marc and Pierard, S{\'e}bastien},
  booktitle={Journ{\'e}es d'informatique musicale},
  pages={39--46},
  year={2012}
}

@article{benetos2018automatic,
  title={Automatic music transcription: An overview},
  author={Benetos, Emmanouil and Dixon, Simon and Duan, Zhiyao and Ewert, Sebastian},
  journal={IEEE Signal Processing Magazine},
  volume={36},
  number={1},
  pages={20--30},
  year={2018},
  publisher={IEEE}
}

@inproceedings{foo1999recognition,
  title={Recognition of piano notes},
  author={Foo, Say Wei and Wong, Pui Leng},
  booktitle={IEEE International Conference on Information, Communications and Signal Processing (1999: Singapore)},
  year={1999}
}
